

@TechReport{Schneider:1986,
  author = 	 {Schneider, Fred},
  title = 	 {{The State Machine Approach: A Tutorial}},
  institution =  {CS Dept Cornell University},
  year = 	 {1986},
  number =	 {TR86-800}
}




@InProceedings{VanRenesse:1998,
  crossref =	 {Middleware:1998},
  author = 	 {Van Renesse, Robbert and Yaron Minsky and Mark Hayden},
  title = 	 {{A Gossip-Style Failure Detection Service}},
}

@Proceedings{Middleware:1998,
  title = 	 {Middleware. IFIP International Conference on Distributed Systems
                  Platforms and Open Distributed Processing},
  booktitle =    {Middleware. IFIP International Conference on Distributed Systems
                  Platforms and Open Distributed Processing},
  year = 	 {1998},
  editor =	 {Davies, Nigel and Kerry Raymond and Jochen Seitz},
  publisher =	 {Springer}
}

@Unpublished{Gonzales:1998,
  author = 	 {Gonzales, Jesus},
  title = 	 {Abstractions for Group Communication},
  note = 	 {},
  OPTkey = 	 {},
  month =	 {August},
  year =	 {1998},
  OPTannote = 	 {}
}

@TechReport{GSGC:1997,
  author = 	 {Guo, Katherine and Mark Hayden and Robbert van Renesse 
                  and Werner Vogels and Kenneth P. Birman},
  title = 	 {{GSGC: An Efficient Gossip-Style Garbage Collection Scheme
                  for Scalable Reliable Multicast}},
  institution =  {Department of Computer Science, Cornell University},
  year = 	 {1997}
}

@Article{Streams:1984,
  author = 	 {Ritchie, D. M.},
  title = 	 {{A Stream Input--Output System}},
  journal = 	 {AT\&T Bell Laboratories Technical Journal},
  year = 	 {1984},
  OPTkey = 	 {},
  volume =	 {63},
  number =	 {8},
  pages =	 {1897--1910},
  month =	 {Oct.}
}

@TechReport{OGS:1997,
  author = 	 {Felber, R. and R. Guerraoui and A. Schiper},
  title = 	 {A CORBA Object Group Service},
  institution =  {Ecole Polytechnique Federale de Lausanne},
  year = 	 {1997},
  OPTkey = 	 {},
  OPTtype = 	 {},
  OPTnumber = 	 {},
  OPTaddress = 	 {},
  month =	 {April},
  OPTnote = 	 {},
  OPTannote = 	 {}
}

@Manual{JavaGroupsGuide:1998,
  title = 	 {JavaGroups User's Guide},
  key =		 {User1998},
  author =	 {Ban, Bela},
  organization = {CS Dept. Cornell University},
  month =	 {April},
  year =	 {1998},
  note =	 {http://www.cs.cornell.edu/home/bba/user/index.html}
}

@InProceedings{xkernel:1989,
  author = 	 {Peterson, Larry L. and Norm Hutchinson and Sean O'Malley and Mark Abbott},
  title = 	 {{RPC in the x-Kernel: Evaluating New Design Techniques}},
  booktitle = 	 {Proceedings of the Twelfth ACM Symposium on Operating Systems Principles},
  OPTcrossref =  {},
  OPTkey = 	 {},
  pages =	 {91--101},
  year =	 {1989},
  OPTeditor = 	 {},
  OPTvolume = 	 {},
  OPTnumber = 	 {},
  OPTseries = 	 {},
  address =	 {Litchfield Park, Arizona},
  month =	 {November},
  OPTorganization = {},
  OPTpublisher = {},
  OPTnote = 	 {},
  OPTannote = 	 {}
}

@Manual{Jedi:1997,
  title = 	 {Providing Easier Access to Remote Objects in Distributed Systems},
  author =	 {Jonathan Aldrich and James Dooley and Scott Mandelsohn and Adam Rifkin},
  organization = {California Institute of Technology},
  address =	 {Pasadena, CA 91125},
  year =         {1997}
}

@TechReport{Schmidt:1997a,
  author = 	 {Schmidt, Douglas and Charles Cranor},
  title = 	 {{Half-Sync/Half-Async. An Architectural Pattern for Efficient and 
                   Well-Structured Concurrent I/O}},
  institution =  {University of Illinois at Urbana-Champain},
  year = 	 {1997}
}

@PhdThesis{Vaysburd:1998,
  author = 	 {Vaysburd, Alexey},
  title = 	 {Building Reliable Interoperable Distributed Objects With The Maestro Tools},
  school = 	 {CS Dept Cornell University},
  year = 	 {1998},
  month =	 {May}
}

@TechReport{Grasso:1997,
  author = 	 {Grasso, Ennio},
  title = 	 {JRB: A Reflective ORB},
  institution =  {CSELT},
  year = 	 {1997},
  OPTkey = 	 {},
  OPTtype = 	 {},
  OPTnumber = 	 {},
  OPTaddress = 	 {},
  OPTmonth = 	 {},
  OPTnote = 	 {},
  OPTannote = 	 {}
}

@InProceedings{Abeck:1993,
  crossref =	 {INM3},
  author = 	 {Abeck, Sebastian and Alexander Clemm and Ulf Hollberg},
  title = 	 {{Simply Open Network Management}},
  pages  =       {361--375}
}


@Book{Aho:1986,
  key    =       {Aho},
  author = 	 {Aho, Alfred V. and Ravi Sethi and Jeffrey
		  D. Ullman},
  title = 	 {Compilers: Principles, Techniques and Tools},
  publisher = 	 {Addison-Wesley},
  year = 	 {1986},
  address =	 {Reading, MA}
}

@InBook{Autrata:1994,
  author = 	 {Autrata, Mathias and Colin Strutt},
  title = 	 {DME Framework and Design},
  crossref=      {Sloman:1994},
  chapter = 	 {23},
  pages =	 {605--627}
}

@Book{Bach:1986,
  author = 	 {Bach, Maurice J.},
  title = 	 {The Design of the UNIX Operating System},
  publisher = 	 {Prentice Hall},
  year = 	 {1986}
}

@TechReport{Hayden:1998,
  author = 	 {Hayden, Mark},
  title = 	 {The {E}nsemble {S}ystem},
  institution =  {Cornell University},
  year = 	 {1998},
  number =	 {98-1662},
  OPTaddress = 	 {},
  month =	 {January}
}

@PhdThesis{Hayden:1998b,
  author = 	 {Hayden, Mark},
  title = 	 {The Ensemble System},
  school = 	 {Computer Science Department, Cornell University},
  year = 	 {1998},
  month =	 {January}
}

@Manual{Ensemble:1997,
  title = 	 {{The Ensemble Distributed Communication System}},
  organization = {CS Dept Cornell University},
  note =	 {http://www.cs.cornell.edu/Info/Projects/Ensemble/index.html},
  year =	 {1997}
}

@TechReport{Ban:1996,
  author = 	 {Ban, Bela},
  title = 	 {{Open Distributed Processing: A Reference Model For
                  Distributed Computing}},
  institution =  {Institute of Computer Science, University of Zurich},
  year = 	 {1996},
  type =	 {Technical Report}
}


@Article{Horus:1996,
  author = 	 {Van Renesse, Robbert and Kenneth P. Birman and Silvano Maffeis},
  title = 	 {{Horus, a Flexible Group Communication System}},
  journal = 	 {Communications of the ACM},
  year = 	 {1996},
  month =	 {April}
}

@Book{Isis:1994,
  editor =	 {Birman, K. P. and R. Van Renesse},
  title = 	 {Reliable Distributed Computing with the Isis Toolkit},
  publisher = 	 {IEEE Computer Society Press},
  year = 	 {1994},
  OPTkey = 	 {},
  OPTvolume = 	 {},
  OPTnumber = 	 {},
  OPTseries = 	 {},
  OPTaddress = 	 {},
  OPTedition = 	 {},
  OPTmonth = 	 {},
  OPTnote = 	 {},
  OPTannote = 	 {}
}

@Unpublished{JavaGroups:1998,
  author = 	 {Ban, Bela},
  title = 	 {{Design and Implementation of a Reliable Group Communication Toolkit for Java}},
  note = 	 {http://www.cs.cornell.edu/home/bba/Coots.ps.gz},
  OPTkey = 	 {},
  OPTmonth = 	 {},
  OPTyear = 	 {},
  OPTannote = 	 {}
}

@TechReport{Ban:1996a,
  author = 	 {Ban, Bela},
  title = 	 {{Using Java For Dynamic Access to Multiple Object
                  Models}},
  institution =  {IBM Zurich Research Laboratory},
  year =	 {1996},
  month =	 {October}
}

@InProceedings{Ban:1996b,
  author = 	 {Ban, Bela},
  title = 	 {{Extending CORBA For Multi-Domain Management}},
  booktitle = 	 {Proceedings of  Distributed Object-Oriented
                  Computing For Telecom (DOCT'96) Workshop,
                  ObjectWorld'96, Frankfurt, Germany},
  year =	 {1996}
}

@InProceedings{Ban:1996c,
  author = 	 {Ban, Bela},
  title = 	 {{Towards A Generic Object-Oriented Model For
                  Multi-Domain Management}},
  crossref =     {ECOOP96},
  pages    =     {272--276}
}

@InProceedings{Ban:1997,
  author = 	 {Ban, Bela and Luca Deri},
  title = 	 {{Static vs. Dynamic Network Management Based on CORBA}},
  booktitle = 	 {Proceedings of {IS\&N}, Como},
  year =	 {1997},
  month =	 {May}
}


@Unpublished{Ban:1998,
  author = 	 {Ban, Bela},
  title = 	 {{Static vs. Dynamic Method Resolution in Java: 
                  The Case For Argument-Based Method Selection}},
  institution =  {Cornell University Computer Science Dept.},
  year = 	 {1998},
  note =	 {\newline http://www.cs.cornell.edu/home/bba/papers.html}
}

@InProceedings{Berrah:1994,
  author = 	 {Berrah, Karim and David Gay and Guy Genilloud},
  title = 	 {{Accessing ANSA Objects from OSI Network Management}},
  crossref =	 {dsom:1994}
}

@Book{Lea:1996,
  author =	 {Lea, Doug},
  title = 	 {Concurrent Programming in Java},
  publisher = 	 {Javasoft},
  year = 	 {1996},
  OPTkey = 	 {},
  OPTvolume = 	 {},
  OPTnumber = 	 {},
  OPTseries = 	 {},
  OPTaddress = 	 {},
  edition = 	 {2nd},
  OPTmonth = 	 {},
  OPTnote = 	 {},
  OPTannote = 	 {}
}



@Book{Birman:1996,
  author = 	 {Birman, Kenneth P.},
  title = 	 {Building Secure and Reliable Network Applications},
  publisher = 	 {Manning Publications Co.},
  year = 	 {1996}
}

@Article{Box:1995,
  key =          {Box},
  author = 	 {Box, Don},
  title = 	 {{Building C++ Components Using OLE2}},
  journal = 	 {C++ Report},
  year = 	 {1995},
  volume =	 {7},
  number =	 {3},
  month =	 {April},
  pages =	 {28--34}
}

@Article{Box:1996,
  key =          {Box},
  author = 	 {Box, Don},
  title = 	 {{Com Smart Pointers Also Considered Harmful}},
  journal = 	 {C++ Report},
  year = 	 {1996},
  volume =	 {8},
  number =	 {3},
  month =	 {March},
  pages =	 {54--57}
}

@Book{Brock:1994,
  author = 	 {Brockschmidt, K.},
  title = 	 {Inside OLE2},
  publisher = 	 {Microsoft Press},
  year = 	 {1994},
  address =	 {Redmont, WA}
}

@Manual{CGI,
  title = 	 {{The Common Gateway Interface}},
  key =		 {CGI},
  organization = {NCSA},
  year =	 {1994},
  note =	 {\newline http://hoohoo.ncsa.uiuc.edu/cgi/overview.html}
}

@Book{CLOS,
  key =		 {CLOS},
  author = 	 {Steele, Guy L.},
  title = 	 {Common LISP. The Language},
  publisher = 	 {Digital Press},
  year = 	 {1990}
}

@Manual{CORBA2:1995,
  key = 	 {OMG},
  title = 	 {The Common Object Request Broker: Architecture And
		  Specification},
  year = 	 {1995},
  organization = {Object Management Group},
  month = 	 {July},
  note = 	 {Revision 2.0}
}


@Manual{COSS:1995,
  key =		 {COS},
  title = 	 {CORBAservices: Common Object Services Specification},
  organization = {Object Management Group},
  edition =	 {Document 95-3-31},
  year =	 {1995},
  month =	 {March},
  note =	 {Revised Edition}
}

@Book{Cattell:1991,
  author = 	 {Cattell, Roderic G. G.},
  title = 	 {Object Data Management: Object-Oriented and Extended
		  Relational Database Systems},
  publisher = 	 {Addison-Wesley},
  year = 	 {1991}
}

@PhdThesis{Challa:1994,
  author = 	 {Challa, Siva},
  title = 	 {Towards an Interoperable, Reflective Common Object
                  Model for Statically-Typed Object-Oriented Languages},
  school = 	 {Dept. of Computer Science, Blacksburg, Virginia},
  year = 	 {1994}
}

@InProceedings{Chen:1996,
  author = 	 {Chen, Graham and Michael Neville and Quinzheng Kong},
  title = 	 {{Distributed Network Management Using CORBA/TMN}},
  crossref =	 {dsom:1996}
}

@Book{Cheswick:1994,
  author = 	 {Cheswick, William R. and Steven M. Bellovin},
  title = 	 {Firewalls and Internet Security},
  publisher = 	 {Addison-Wesley},
  year = 	 {1994}
}

@Article{Circular1,
  author = 	 {Mark Grossman},
  title = 	 {{Object I/O and runtime type information via
                  automatic code generation in C++}},
  journal = 	 {Journal of Object-Oriented Programming},
  year = 	 {1993},
  volume =	 {6},
  number =	 {4},
  month =	 {July},
  pages =	 {34--42}
}

@Article{Circular2,
  author = 	 {Daniel H. Craft},
  title = 	 {{A study of pickling}},
  journal = 	 {Journal of Object-Oriented Programming},
  year = 	 {1993},
  volume =	 {5},
  number =	 {8},
  month =	 {January},
  pages =	 {54--66}
}

@Article{Circular3,
  author = 	 {John J. Shilling},
  title = 	 {{How to roll your own persistent objects in C++}},
  journal = 	 {Journal of Object-Oriented Programming},
  year = 	 {1994},
  volume =	 {7},
  number =	 {4},
  month =	 {July},
  pages =	 {25--32}
}



@Article{Codd:1970,
  author = 	 {Codd, E. F.},
  title = 	 {{A Relational Model for Large Shared Data Banks}},
  journal = 	 {Communications of the ACM},
  year = 	 {1970},
  volume =	 {13},
  number =	 {6},
  pages =	 {377--387}
}

@Manual{ComInter:1995,
  title = 	 {COM-CORBA Interworking RFP Part A},
  organization = {Revised Joint Submission by Digital Equipment et al},
  edition =	 {OMG TC Document 95-12-20},
  year =	 {1995},
  month =	 {December}
}

@Book{Coplien,
  author = 	 {Coplien, James O.},
  title = 	 {Advanced C++ Programming Styles and Idioms},
  publisher = 	 {Addison-Wesley},
  year = 	 {1992}
}

@TechReport{DCOM,
  author = 	 {Nat Brown and Charlie Kindel},
  title = 	 {{Distributed Component Object Model Protocol -- DCOM/1.0}},
  institution =  {Microsoft Corporation},
  year = 	 {1996},
  key =		 {DCOM},
  type =	 {Internet Draft},
  month =	 {November}
}

@Manual{DMI,
  title = 	 {Desktop Management Interface Specification},
  key =		 {DMI},
  organization = {Desktop Management Task Force},
  edition =	 {1.0},
  year =	 {1994},
  month =	 {April}
}

@TechReport{DMTF:1994,
  OPTkey = 	 {DMTF},
  title = 	 {{Desktop Management Interface Specification}},
  institution =  {The Desktop Management Task Force},
  year = 	 {1994},
  number =	 {1}
}



@Manual{DSOMJava:1996,
  title = 	 {IBM SOMobjects Java Client},
  organization = {IBM Corporation},
  year =	 {1996}
}

@PhdThesis{Deri:1996,
  key =		 {Deri},
  author = 	 {Deri, Luca},
  title = 	 {A Component-based Architecture for Open,
                  Independently Extensible Distributed Systems},
  school = 	 {University of Berne},
  year = 	 {1997}
}

@TechReport{Deri:1996b,
  key    =       {Deri},
  author = 	 {Deri, Luca},
  title = 	 {{Surfing Resources Across the Network}},
  institution =  {IBM Zurich Research Laboratory},
  year = 	 {1996}
}



@TechReport{GroupRPC:1995,
  author = 	 {Hiltunen, Matti A. and Richard D. Schlichting},
  title = 	 {Constructing a Configurable Group RPC Service},
  institution =  {Department of Computer Science, University of Arizona},
  year = 	 {1995}
}

@TechReport{Hiltunen,
  author = 	 {Hiltunen, Matti A. and Richard D. Schlichting},
  title = 	 {A Configurable Membership Service},
  institution =  {CS Dept. University of Arizona},
  year = 	 {1997},
  OPTkey = 	 {},
  OPTtype = 	 {},
  OPTnumber = 	 {},
  OPTaddress = 	 {},
  OPTmonth = 	 {},
  OPTnote = 	 {},
  OPTannote = 	 {}
}


@InProceedings{Garbinato:1997,
  author = 	 {Garbinato, Benoit and Rachid Guerraoui},
  title = 	 {{Using the Strategy Pattern to Compose Reliable Distributed Protocols}},
  booktitle = 	 {Proceedings of the 3rd USENIX Conference on Object-Oriented Technologies
                  and Systems (COOTS'97)},
  OPTcrossref =  {},
  OPTkey = 	 {},
  OPTpages = 	 {},
  year =	 {1997},
  OPTeditor = 	 {},
  OPTvolume = 	 {},
  OPTnumber = 	 {},
  OPTseries = 	 {},
  OPTaddress = 	 {},
  month =	 {June},
  OPTorganization = {},
  OPTpublisher = {},
  OPTnote = 	 {},
  OPTannote = 	 {}
}





@TechReport{Garbinato:1997a,
  author = 	 {Garbinato, Benoit and Rachid Guerraoui},
  title = 	 {{BAST: A Framework for Reliable Distributed Computing}},
  institution =  {Ecole Polytechnique Federale de Lausanne},
  year = 	 {1997},
  OPTnumber = 	 {}
}

@InProceedings{Hueni:1995,
  author = 	 {Hueni, Hermann and Ralph Johnson and Robert Engel},
  title = 	 {A Framework for Network Protocol Software},
  booktitle = 	 {Proceedings of USENIX},
  OPTcrossref =  {},
  OPTkey = 	 {},
  OPTpages = 	 {},
  OPTyear = 	 {},
  OPTeditor = 	 {},
  OPTvolume = 	 {},
  OPTnumber = 	 {},
  OPTseries = 	 {},
  OPTaddress = 	 {},
  OPTmonth = 	 {},
  OPTorganization = {},
  OPTpublisher = {},
  OPTnote = 	 {},
  OPTannote = 	 {}
}

@InProceedings{Garbinato:1997b,
  author = 	 {Garbinato, Benoit and Pascal Felber and Rachid Guerraoui},
  title = 	 {Modeling Protocols as Objects for Structuring Reliable Distributed Systems},
  booktitle =    {Proceedings of the Communications Networks and Distributed Systems
                 Modeling and Simulation Conference (CNDS'97)},
  month =        {January},
  year = 	 {1997}
}

@InProceedings{Garbinato:1996,
  author = 	 {Garbinato, Benoit and Pascal Felber and Rachid Guerraoui},
  title = 	 {Protocol Classes for Designing Reliable Distributed Environments},
  booktitle =    {European Conference on Object-Oriented Programming Proceedings (ECOOP'96)},
  month =        {July},
  year = 	 {1996}
}

@TechReport{Mishra:1992a,
  author = 	 {Mishra, Shivakant and Richard D. Schlichting},
  title = 	 {{Abstractions for Constructing Dependable Distributed Systems}},
  institution =  {CS Dept. University of Arizona},
  year = 	 {1992},
  OPTkey = 	 {},
  OPTtype = 	 {},
  number =	 {TR 92-19},
  OPTaddress = 	 {},
  OPTmonth = 	 {},
  OPTnote = 	 {},
  OPTannote = 	 {}
}

@TechReport{Mishra:1992,
  author = 	 {Mishra, Shivakant and Larry L. Peterson and Richard D. Schlichting},
  title = 	 {{Modularity in the Design and Implementation of Consul}},
  institution =  {CS. Dept. University of Arizona},
  year = 	 {1992},
  OPTkey = 	 {},
  OPTtype = 	 {},
  OPTnumber = 	 {},
  OPTaddress = 	 {},
  OPTmonth = 	 {},
  OPTnote = 	 {},
  OPTannote = 	 {}
}

@Proceedings{ECOOP96,
  key =          {ECOOP},
  title = 	 {Special Issues in Object-Oriented Programming},
  booktitle = 	 {Special Issues in Object-Oriented Programming},
  editor =       {Muehlhaeuser, Max},
  year = 	 {1996},
  publisher =	 {dpunkt.verlag},
  note =	 {Workshop Reader of the 10th European Conference on
                  Object-Oriented Programming (ECOOP'96), Linz}
}

@InProceedings{Flauw:1995,
  author = 	 {Flauw, M. and P. Jardin},
  title = 	 {{Designing a distributed management framework -- An
		  implementer's perspective}},
  crossref =	 {INM4},
  pages  =       {506--519}
}

@InProceedings{Fuente:1995,
  author = 	 {{De la Fuente}, L. A. and M. Kawanishi and
		  M. Walkano and T. Walles and C. Aurrecoechea},
  title = 	 {{Application of the TINA-C Management Architecture}},
  crossref =	 {INM4},
  pages  =       {424--435}
}

@Manual{GOMscript:1996,
  title = 	 {{GOMscript User's Guide}},
  author =	 {Ban, Bela},
  organization = {IBM Corporation},
  year =	 {1996},
  note =         {Internal Paper}
}

@Book{Gamma:1995,
  key =		 {Gam},
  author = 	 {Gamma, Erich and Richard Helm and Ralph Johnson and
                  John Vlissides},
  title = 	 {Design Patterns: Elements of Reusable
                  Object-Oriented Software},
  publisher = 	 {Addison-Wesley},
  year = 	 {1995}
}

@Book{Garfinkel:1996,
  author = 	 {Garfinkel, Simon and Gene Spafford},
  title = 	 {Practical Unix \& Internet Security},
  publisher = 	 {O'Reilly \& Associates},
  year = 	 {1996},
  edition =	 {2nd}
}

@InProceedings{Genilloud:1995,
  author = 	 {Genilloud Guy and David Gay},
  title = 	 {{Accessing OSI Managed Objects From ANSAware}},
  crossref =	 {dsom:1995}
}

@TechReport{Genilloud:1995a,
  author = 	 {Genilloud, Guy and Marc Polizzi},
  title = 	 {{Managing ANSA Objects with OSI Network Management
                  Tools}},
  institution =  {EPFL},
  year = 	 {1995}
}

@PhdThesis{Genilloud:1996a,
  author = 	 {Genilloud, Guy},
  title = 	 {Towards A Distributed Architecture For Systems Management},
  school = 	 {Ecole Polytechnique Federale de Lausanne},
  year = 	 {1996},
  note =	 {Thesis No. 1588}
}

@InProceedings{Gregoire:1995,
  author = 	 {Gregoire, J. Ch.},
  title = 	 {{Models and Support Mechanisms for Distributed Management}},
  crossref =	 {INM4},
  pages =        {17--28}
}

@Manual{HORB:1996,
  title = 	 {HORB: Distributed Execution of Java Programs},
  key =		 {HORB},
  author =	 {Satoshi, Hirano},
  year =	 {1996}
}

@Manual{HTTP,
  title = 	 {Hypertext Transfer Protocol -- HTTP/1.0},
  key =		 {HTTP},
  author =	 {T. Berners-Lee and R. Fielding and H. Frystyk},
  year =	 {1996},
  month =	 {May},
  type  =        {RFC 1945}
}

@Misc{Hierro:1994,
  key =		 {Hierro},
  author =	 {Hierro, Juan J.},
  title =	 {{Architectural Issues for Using CORBA Technology in
                  OSI Systems Management}},
  howpublished = {Append to XoJIDM mailing list},
  year =	 {1994},
  month =	 {July}
}

@Misc{Hierro:1996,
  key =		 {Hierro},
  author =	 {Hierro, Juan J.},
  title =	 {{Common Facilities for OSI Management}},
  howpublished = {Submitted to XoJIDM mailing list},
  year =	 {1996},
  month =	 {February},
  note =	 {Submitted as proposal for XoJIDM Interaction
                  Translation}
}

@Misc{Hierro:1996a,
  key =		 {Hierro},
  author =	 {Hierro, Juan J. and Jesus A. Gonzalez},
  title =	 {{Common Facilities for Systems Management}},
  howpublished = {Telefonica I\&D Submission},
  year =	 {1996},
  month =	 {November},
  note =	 {Submitted as proposal for XoJIDM Interaction
                  Translation}
}
		  
		  
@InProceedings{Hong:1996,
  author = 	 {Hong, James Won-Ki and Jong-Tae Park and Joong-Gu
                  Song and Sung-Bum Kim},
  title = 	 {{Implementation and Performance of a TMN SMK System}},
  crossref =	 {dsom:1996}
}

@TechReport{IMCISOInter:1993,
  author = 	 {Newman, Owen (ed.)},
  title = 	 {{Translation of ISO/CCITT MIBs to Internet MIBs}},
  institution =  {Network Management Forum},
  year = 	 {1993},
  number =	 {Issue 1.0},
  month =	 {October}
}

@TechReport{IMCMIBII:1993,
  author = 	 {LaBarre, Lee},
  title = 	 {{Translation of Internet MIB-II (RFC1213) to
                  ISO/CCITT GDMO MIB}},
  institution =  {Network Management Forum},
  year = 	 {1993},
  number =	 {Issue 1.0},
  month =	 {October}
}

@TechReport{IMCMIBTrans:1993,
  author = 	 {LaBarre, Lee},
  title = 	 {{Translation of Internet MIBs to ISO/CCITT GDMO MIBs}},
  institution =  {Network Management Forum},
  year = 	 {1993},
  number =	 {Issue 1.0},
  month =	 {October}
}

@TechReport{IMCProxy:1993,
  author = 	 {Chang},
  title = 	 {{ISO/CCITT to Internet Management Proxy}},
  institution =  {Network Management Forum},
  year = 	 {1993},
  number =	 {Issue 1.0},
  month =	 {October}
}

@Proceedings{INM1,
  key   =        {INM},
  title = 	 {Information Systems Integrated Network Management I},
  booktitle =    {Information Systems Integrated Network Management I},
  year = 	 {1989},
  publisher =	 {Elsevier North-Holland}
}

@Proceedings{INM2,
  key   =        {INM},
  title = 	 {Information Systems Integrated Network Management II},
  booktitle =    {Information Systems Integrated Network Management II},
  year = 	 {1991},
  publisher =	 {Elsevier North-Holland}
}

@Proceedings{INM3,
  key   =        {INM},
  title = 	 {Information Systems Integrated Network Management III},
  booktitle =    {Information Systems Integrated Network Management III},
  year = 	 {1993},
  publisher =	 {Elsevier North-Holland}
}

@Manual{IntNetworking:1996,
  title = 	 {Intelligent Networking with CORBA. A White Paper.},
  author =	 {Mitra, Nilo},
  organization = {Telecom Domain Task Force of the OMG},
  edition =	 {Draft 2.0},
  year =	 {1996},
  month =	 {November}
}


@Manual{InterTrans:1995,
  key   =        {Int},
  title = 	 {Inter Domain Management Specifications: Preliminary
		  CORBA / CMISE Interaction Translation Architecture},
  organization = {Joint Inter Domain Management Working Group},
  address =	 {X/Open and Network Management Forum},
  year =	 {1995},
  month =	 {April},
  note =	 {\newline http://www.rdg.opengroup.org/mem\_only/tech/sysman/jidm/it.htm},
}



@Manual{Java:1995,
  title = 	 {The Java Language Environment: A White Paper},
  organization = {Sun Microsystems},
  year =	 {1995}
}

@InProceedings{Maffeis:1995,
  author = 	 {Maffeis, Silvano},
  title = 	 {{The Object Group Design Pattern}},
  booktitle = 	 {USENIX Conference on Object-Oriented Technologies (COOTS)},
  OPTcrossref =  {},
  OPTkey = 	 {},
  OPTpages = 	 {},
  year =	 {1995},
  OPTeditor = 	 {},
  OPTvolume = 	 {},
  OPTnumber = 	 {},
  OPTseries = 	 {},
  OPTaddress = 	 {},
  month =	 {June},
  OPTorganization = {},
  OPTpublisher = {},
  OPTnote = 	 {},
  OPTannote = 	 {}
}

@Manual{JavaBeans:1996,
  title = 	 {JavaBeans},
  organization = {Sun Microsystems},
  edition =	 {1.0},
  year =	 {1996},
  month =	 {December},
  note =	 {\newline http://java.sun.com/beans},
}

@Manual{JavaRefl:1996,
  title = 	 {Java Core Reflection. API and Specification},
  organization = {Sun Microsystems Inc.},
  year =	 {1996},
  month =	 {October}
}

@Manual{Joe:1996,
  title = 	 {Joe: Developing Client/Server Applications for the Web},
  key =		 {Joe},
  organization = {Sun Microsystems},
  year =	 {1996}
}

@Manual{KQML,
  title = 	 {{Knowledge Query and Manipulation Language}},
  key =		 {KQML},
  year =	 {1995},
  note =	 {\newline http://www.cs.umbc.edu/kqml/kqml95/kqml95.html}
}

@InProceedings{Kaly:1993,
  author = 	 {Kalyanasundaram, Pramod and Adarshpal S. Sethi},
  title = 	 {{An Application Gateway Design for OSI-Internet Management}},
  booktitle = 	 {{An Application Gateway Design for OSI-Internet Management}},
  crossref =	 {INM3},
  pages  =       {389--401}
}


@Book{Kamin:1990,
  author = 	 {Kamin, Samuel N.},
  title = 	 {Programming Languages: An Interpreter-Based Approach},
  publisher = 	 {Addison-Wesley},
  year = 	 {1990},
  address =	 {Reading, MA}
}

@InBook{Keller:1996,
  author = 	 {Keller Alexander and Bernhard Neumair},
  title = 	 {Interoperable Architekturen als Basis eines
                  integrierten Managements},
  crossref =     {Zitterbart:1996},
  pages =	 {405 -- 418}
}

@Book{Leinwand:1993,
  author = 	 {Leinwand, Allan and Karen Fang},
  title = 	 {Network Management. A Practical Perspective},
  publisher = 	 {Addison-Wesley},
  year = 	 {1993}
}

@Article{Liskov:1988,
  author = 	 {Liskov, B. and L. Shrira},
  title = 	 {Promises: Linguistic Support for Efficient
                  Asynchronous Procedure Calls in Distributed Systems},
  journal = 	 {ACM SIGPLAN Notices},
  year = 	 {1988},
  volume =	 {23},
  number =	 {7},
  month =	 {July}
}



@Manual{M.3010,
  title = 	 {M.3010: Principles of Telecommunication Management
                  Network},
  key =		 {TMN},
  organization = {ITU-T},
  year =	 {1995}
}

@Manual{MIME,
  title = 	 {{MIME (Multipurpose Internet Mail Extensions):
                  Mechanisms for Specifying and Describing the Format
                  of Internet Message Bodies}},
  key =		 {MIME},
  author =	 {N. Borenstein and N. Freed},
  year =	 {1992},
  month =	 {November},
  note =	 {RFC 1343}
}

@TechReport{Horus:1995,
  author = 	 {Van Renesse, Robbert and Kenneth P. Birman},
  title = 	 {{Protocol Composition in Horus}},
  institution =  {Cornell University},
  year = 	 {1995},
  number =	 {TR95-1505},
  month =	 {March},
  note =	 {\newline http://www.cs.cornell.edu/Info/Projects/HORUS/Papers.html}
}

@Manual{MOAC:1994,
  key =		 {MOAC},
  title = 	 {The Managed Object Agent Composer User's Guide},
  organization = {IBM Corporation},
  year =	 {1994}
}

@Book{MOP:1994,
  key =		 {MOP},
  author = 	 {Bobrow, Daniel, D. Moon and D. Gabriel},
  title = 	 {{The Art of the Metaobject Protocol}},
  publisher = 	 {Addison-Wesley},
  year = 	 {1994}
}

@Manual{MQSeries,
  title = 	 {MQSeries},
  key =		 {MQSeries},
  organization = {IBM Corporation},
  year =	 {1995},
  note =	 {http://www.hursley.ibm.com/mqseries/}
}

@InProceedings{Maes,
   author = {Pattie Maes},
   title = {Concepts and Experiments in Computational Reflection},
   booktitle = {Proceedings OOPSLA '87, ACM SIGPLAN Notices},
   pages = {147-155},
   month = dec,
   year = {1987},
   keywords = {olit oopsla87 binder},
   note = {Published as Proceedings OOPSLA '87, ACM SIGPLAN Notices, volume 22, number 12}
}

@TechReport{Maffeis:1996,
  author = 	 {Maffeis, Silvano},
  title = 	 {{CyberBus -- A Non-Technical Introduction}},
  institution =  {Olsen \& Associates, Zurich},
  year = 	 {1996}
}


@TechReport{Maffeis:1997,
  author = 	 {Maffeis, Silvano},
  title = 	 {{iBus -- The Java Intranet Software Bus}},
  institution =  {Olsen \& Associates, Zurich},
  year = 	 {1997},
  month =	 {February}
}

@InProceedings{Magedanz:1996,
  author = 	 {Magedanz, T. and T. Eckardt},
  title = 	 {{Mobile Software Agents: A New Paradigm for
                  Telecommunications Management}},
  booktitle = 	 {Proceedings of IEEE/IFIP Network Operations and
                  Management Symposium (NOMS)},
  year =	 {1996},
  publisher =	 {IEEE Press},
  address =	 {Kyoto, Japan},
  month =	 {April},
  pages =	 {360--369},
  note =	 {ISBN 0-7803-2518-4,}
}

@InProceedings{Marcus:1995,
  author = 	 {Marcus, Scott J.},
  title = 	 {{Icaros, Alice and the OSF DCE}},
  crossref =	 {INM4},
  pages  =       {83--92}
}

@Booklet {Mascotte:1997,
  key =		 {Mas},
  title = 	 {{Introduction to Mascotte. White Paper}},
  year =	 {1997},
  month =	 {May},
  note =	 {Esprit Project: 20804, version 2.0}
}

@InProceedings{Mazumdar:1993,
  author = 	 {Mazumdar, Subrata and Stephen Brady and David L. Levine},
  title = 	 {{Design of Protocol Independent Management Agent to
		  Support SNMP and CMIP Queries}},
  crossref =	 {INM3},
  pages  =       {377--389}
}

@Unpublished{Mazumdar:1993a,
  author = 	 {Mazumdar, Subrata},
  title = 	 {{Design of DSOM based OSI Network Management Agent}},
  year =	 {1993},
  month =	 {December}
}

@InProceedings{Mazumdar:1996,
  author = 	 {Mazumdar, Subrata},
  title = 	 {{Inter-Domain Management between CORBA and SNMP:
                  CORBA/SNMP Gateway Approach to WEB-based Management}},
  crossref =	 {dsom:1996}
}

		  
@TechReport{Mazumdar:1996a,
  author = 	 {Mazumdar, Subrata},
  title = 	 {{Mapping of Common Management Information Services
                  to OMG Object Services Specification}},
  institution =  {AT\&T Bell Laboratories},
  year = 	 {1996},
  month =	 {February}
}

@TechReport{Mazumdar:1997,
  author = 	 {Mazumdar, Subrata and Isabelle Rouvellou},
  title = 	 {{Design of a Filterable Event Channel: Building
                  Blocks for CORBA-Based Notification Services}},
  institution =  {IBM T.J. Watson Research Center and AT\&T Bell
                  Laboratories},
  year = 	 {1997},
  month =	 {February}
}



@InProceedings{McCarthy:1995,
  crossref =	 {INM4},
  author = 	 {Kevin McCarthy and George Pavlou and Saleem Bhatti
                  and Jose N. De Souza},
  title = 	 {Exploiting the power of {OSI} {M}anagement for the
                  control of {SNMP}-capable resources using generic
                  application level gateways},
  pages =	 {440--453}
}



@Proceedings{INM4,
  key =          {INM95},
  title = 	 {Information Systems Integrated Network Management IV},
  booktitle =    {Information Systems Integrated Network Management IV},
  year = 	 {1995},
  publisher =	 {Elsevier North-Holland}
}



@TechReport{Merle:1996,
  author = 	 {Merle, Philippe and Christoph Gransart and Jean-Marc
		  Geib},
  title = 	 {{CorbaScript and CorbaWeb: A Generic Object-Oriented
		  Dynamic Environment upon CORBA}},
  institution =  {Universite de Lille},
  year = 	 {1996}
}



@Book{Meyer:1988,
  author = 	 {Meyer, Betrand},
  title = 	 {Object-Oriented Software Construction},
  publisher = 	 {Prentice-Hall},
  year = 	 {1988}
}



@Manual{NotificationServiceIBM:1996,
  title = 	 {{Object Notification Service}},
  organization = {IBM Corporation},
  year =	 {1996},
  note =	 {IBM's submission for OMG's Notification Service RFP}
}

@Manual{NotificationServiceRFP:1996,
  title = 	 {{Notification Service RFP (Telecom RFP3)}},
  organization = {Object Management Group},
  year =	 {1997},
  month =	 {March},
  note =	 {Document 97-01-03}
}

@Manual{ODMA:1996,
  key =		 {ODMA},
  title = 	 {Information Technology - Open Distributed Management
		  Architecture (ODMA)},
  organization = {ISO / IEC},
  edition =	 {DIS 13244},
  year =	 {1996}
}


@Book{ODMG:1994,
  author =       {Atwood, Tom and Joshua Duhl and Guy Ferran and Mary
                  Loomis and Drew Wade},
  title = 	 {The Object Database Standard: ODMG-93},
  publisher = 	 {Morgan Kaufmann Publishers},
  year = 	 {1994},
  edition =	 {Release 1.1}
}


@Manual{OrbixWeb:1996,
  title = 	 {OrbixWeb For Java},
  organization = {Iona Technolgies},
  year =	 {1996}
}

@InProceedings{Oue:1996,
  author = 	 {Oueichek, I. and X. {Rousset de Pina}},
  title = 	 {{An Object-Oriented Model For Distributed System
		  Management}},
  booktitle = 	 {International Conference on Parallel and Distributed
		  Systems},
  year =	 {1994},
  publisher =	 {IEEE Computer Society Press},
  month =	 {December},
  pages =	 {418--424}
}

@InProceedings{Pavlou:1993,
  author = 	 {Pavlou, G.},
  title = 	 {{The OSIMIS TMN Platform: Support for Multiple
                  Technology Integrated Management Systems}},
  booktitle = 	 {Proceedings of the 1st RACE IS\&N Conference},
  year =	 {1993},
  address =	 {Paris},
  month =	 {November}
}

@InProceedings{Pell:1995,
  author = 	 {Pell, A. R. and K. Eshghi and J. J. Moreau and
		  S. J. Towers},
  title = 	 {{Managing in a distributed World}},
  crossref =	 {INM4},
  pages  =       {94--105}
}

@Manual{PropertiesOMG:1995,
  title = 	 {{Object Property Services}},
  organization = {Object Management Group},
  year =	 {1995},
  month =	 {June},
  note =	 {OMG TC Document 95-6-1}
}

@TechReport{Quinn:1993,
  author = 	 {Quinn, Peggy and George Preoteasa},
  title = 	 {{Reconciling Object Models for Systems and Network
                  Management}},
  institution =  {UNIX Systems Laboratories, Inc.},
  year = 	 {1993}
}

@Misc{RFC1065,
  author = 	 {Rose, M. and K. McCloghrie},
  title = 	 {{Structure and Identification of Management
                  Information for TCP/IP-based Internets}},
  howpublished = {RFC 1065},
  year = 	 {1988},
  month = 	 {August}
}



@Misc{RFC1066,
  author = 	 {McCloghrie, K. and M. Rose},
  title = 	 {{Management Information Base for Network Management
                  of TCP/IP-based internets}},
  howpublished = {RFC 1066},
  year = 	 {1988},
  month = 	 {August}
}

@Misc{RFC1213,
  key =		 {RFC1213},
  title = 	 {{Management Information Base for Network Management
                  of TCP/IP-based Internets: MIB II}},
  institution =  {Internet Architecture Board},
  year = 	 {1991},
  number =	 {RFC1213},
  month =	 {March}
}

@Misc{RFC1214,
  key   =        {RFC},
  title = 	 {{OSI Internet Management}},
  institution =  {Internet Architecture Board},
  year = 	 {1991},
  number =	 {RFC1214},
  month =	 {April}
}

@Manual{RMI:1996,
  title = 	 {Java Remote Method Invocation Specification},
  key =		 {RMI},
  organization = {Sun Microsystems Inc.},
  edition =	 {1.1},
  year =	 {1996},
  month =	 {November},
  note =	 {Draft}
}

@Article{RPC:1984,
  key =		 {RPC},
  author = 	 {Birrell, A. D. and B. J. Nelson},
  title = 	 {{Implementing Remote Procedure Calls}},
  journal = 	 {ACM Transactions on Computer Systems},
  year = 	 {1984},
  volume =	 {2},
  month =	 {February},
  pages =	 {39 -- 59}
}


@InProceedings{Read:1991,
  author = 	 {Read, J. and J. Balfour and P. Brun and P. Hyland
		  and P. Mellor and P. Toft},
  title = 	 {{Gemini: An Environment for Distributed Network
		  Management Applications}},
  crossref =	 {INM2},
  pages  =       {625--637}
}



@InProceedings{Riviere:1996,
  author = 	 {Riviere, Anne-Isabelle and Adrian Pell and Michelle
                  Sibilla},
  title = 	 {{Network Management Information: From Protocols to
                  Information Integration}},
  crossref =	 {dsom:1996}
}

@Book{Rose:1990,
  author = 	 {Rose, Marshall T.},
  title = 	 {The Open Book. A Practical Perspective on OSI},
  publisher = 	 {Prentice Hall},
  year = 	 {1990}
}

@Article{Rose:1990a,
  key =		 {Rose},
  author = 	 {Rose, Marshall T.},
  title = 	 {{Transition and Coexistence Strategies for TCP/IP to OSI}},
  journal = 	 {IEEE Journal on Selected Areas in Communications},
  year = 	 {1990},
  volume =	 {8},
  number =	 {1},
  month =	 {January},
  pages =	 {57 -- 66}
}

@TechReport{Rutt:1993,
  author = 	 {Rutt, Tom},
  title = 	 {{Comparison of the OSI management, OMG and Internet
                  management Object Models}},
  institution =  {{AT\&T Bell Labs}},
  year = 	 {1993},
  month =	 {December}
}

@InProceedings{Schade:1996,
  author = 	 {Andreas Schade and Peter Trommler},
  title = 	 {{A CORBA-Based Model for Distributed Application
                  Management}},
  crossref =	 {dsom:1996}
}

@TechReport{Schade:1996a,
  author = 	 {Schade, Andreas},
  title = 	 {{An Event Framework for CORBA-Based Monitoring and
                  Management Systems}},
  institution =  {IBM Research Division, Zurich Research Laboratory},
  year = 	 {1997},
  note =         {Submitted to ICODP'97, Toronto}
}

@Article{Schmidt:1997,
  author = 	 {Schmidt, Douglas C. and Steve Vinoski},
  title = 	 {{The OMG Events Service}},
  journal = 	 {C++ Report},
  year = 	 {1997},
  volume =	 {9},
  number =	 {2},
  month =	 {February},
  pages =	 {37 -- 46}
}

@Book{Schneier:1995,
  author = 	 {Schneier, Bruce},
  title = 	 {Applied Cryptology},
  publisher = 	 {John Wiley \& Sons},
  year = 	 {1995},
  edition =	 {2nd}
}

@TechReport{Schuerfeld:1994,
  author = 	 {Sch\"urfeld, Ute and Dieter Gantenbein},
  title = 	 {{Bilingual Agent. DSOM Access to X.700 Agent}},
  institution =  {IBM Zurich Research Laboratory},
  year = 	 {1994},
  month =	 {May}
}

@InProceedings{Shapiro,
  author = 	 {Shapiro, M.},
  title = 	 {{Structure and Encapsulation in Distributed Systems:
                  The Proxy Principle}},
  booktitle = 	 {International Conference On Distributed Computing Systems},
  year =	 {1986},
  address =	 {Massachusetts, Boston},
  month =	 {May}
}

@Book{Sloman:1994,
  title = 	 {Network and Distributed Systems Management},
  publisher = 	 {Addison-Wesley},
  year = 	 {1994},
  editor =	 {Sloman, Morris}
}

@Book{Smalltalk:1989,
  author = 	 {Adele Goldberg and David Robson},
  title = 	 {Smalltalk-80. The Language},
  publisher = 	 {Addison-Wesley},
  year = 	 {1989},
  key =		 {Small}
}

@Misc{Soukouti:1994,
  key =		 {Soukouti},
  author =	 {Soukouti, Nader},
  title =	 {{Managing CORBA Objects Using an OSI Manager}},
  howpublished = {Append to XoJIDM mailing list},
  year =	 {1994}
}

@Misc{Soukouti:1994a,
  key =		 {Soukouti},
  author =	 {Soukouti, Nader},
  title =	 {{Toward Managing CORBA Objects Via OSI Network
                  Management Mechanisms}},
  howpublished = {Append to XoJIDM mailing list},
  year =	 {1994},
  note =         {draft},
  month =	 {July}
}



@Misc{Soukouti:1994c,
  key =		 {Soukouti},
  author =	 {Soukouti, Nader},
  title =	 {{Inter Domain Management}},
  howpublished = {Append to XoJIDM mailing list},
  year =	 {1994},
  note =         {draft}
}

@Misc{Soukouti:1994d,
  key =		 {Soukouti},
  author =	 {Soukouti, Nader},
  title =	 {{Managing OSI Objects Using a CORBA Manager}},
  howpublished = {Append to XoJIDM mailing list},
  year =	 {1994},
  note =         {draft}
}


@Misc{Soukouti:1994e,
  key =		 {Soukouti},
  author =	 {Soukouti, Nader},
  title =	 {{Using CORBA Technology for SNMP Management}},
  howpublished = {Append to XoJIDM mailing list},
  year =	 {1994},
  note =         {draft}
}



@Manual{SpecTrans:1997,
  key   =        {Spec},
  title = 	 {Inter-Domain Management: Specification Translation},
  organization = {Joint Inter-Domain Management Working Group},
  year =	 {1997},
  month =	 {April},
  note =	 {\newline http://www.rdg.opengroup.org/mem\_only/tech/sysman/jidm/st.htm},
}

@Book{Stevens:1990,
  author = 	 {Stevens, W. Richard},
  title = 	 {UNIX Network Programming},
  publisher = 	 {Prentice Hall},
  year = 	 {1990}
}


@Article{Stewart:1997,
  author = 	 {Stewart, Rocky L. and James Storey and Dehua Huang},
  title = 	 {Decentralized Event Handling},
  journal = 	 {C++ Report},
  year = 	 {1997},
  volume =	 {9},
  number =	 {2},
  month =	 {February},
  pages =	 {12 -- 19}
}

@Book{Stroustrup:1991,
  author = 	 {Stroustrup, B.},
  title = 	 {The C++ Programming Language},
  publisher = 	 {Addison-Wesley},
  year = 	 {1991},
  address =	 {Reading, MA}
}

@Manual{TMN++,
  key =		 {TMN++},
  title = 	 {TMN/C++},
  edition =	 {1.0 Draft 7a},
  year =	 {1996},
  month =	 {May},
  note =	 {cmiswg@nmf.org}
}

@Manual{TclDII,
  title = 	 {{Tcl Dynamic Invocation Interface}},
  key =		 {TclDII},
  organization = {West Virginia University},
  year =	 {1995},
  note =	 {\newline http://www.cerc.wvu.edu/dice/iss/TclDii/TclDii.html}
}

@Manual{TelecomOMG:1996,
  title = 	 {{OMG White Paper: CORBA-Based Telecommunication
                  Network Management System}},
  key  =         {TelecomOMG},
  institution =  {OMG's Telecom Special Interest Group},
  year = 	 {1996},
  month =	 {May}
}

@Manual{Telescript:1994,
  key =		 {Tele},
  title = 	 {Telescript Technology: The Foundation for the
                  Electronic Marketplace},
  author =	 {White, J. E.},
  organization = {General Magic},
  year =	 {1994},
  note =	 {\newline http://www.genmagic.com/WhitePapers},
}


@Manual{Tivoli:1995,
  title = 	 {{Object-Orientation Brings Advantages To Distributed
                  Systems Management}},
  organization = {Tivoli Systems Inc.},
  year =	 {1995}
}


@Misc{Tibco:1998,
  key =		 {Tibco},
  OPTauthor = 	 {},
  title =	 {TIB/Rendezvous White Paper},
  OPThowpublished = {},
  OPTmonth = 	 {},
  OPTyear = 	 {},
  note =	 {\newline http://www.rv.tibco.com/rvwhitepaper.html}
}

@PhdThesis{Tschudin:1993,
  author = 	 {Tschudin, Christian},
  title = 	 {On the Structuring of Computer Communications},
  school = 	 {University of Geneva},
  year = 	 {1993},
  note =	 {Thesis No 2632}
}


@Article{Ungar:1991,
  author = 	 {Dave Ungar and Craig Chambers and Bay-Wei Chang and
                  Urs H\"olzle},
  title = 	 {Organizing Programs Without Classes},
  journal = 	 {Lisp and Symbolic Computation: An International
                  Journal},
  year = 	 {1991},
  volume =	 {4},
  number =	 {3}
}

@Article{Ungar:1991a,
  author = 	 {Dave Ungar and Randall B. Smith},
  title = 	 {SELF: The Power of Simplicity},
  journal = 	 {Lisp and Symbolic Computation: An International
                  Journal},
  year = 	 {1991},
  volume =	 {4},
  number =	 {3}
}

@Article{WWW:1992,
  author = 	 {T. Berners-Lee, R. Cailliau, J. Groff and B. Pollermann},
  title = 	 {{World-Wide Web: The Information Universe}},
  journal = 	 {Electronic Networking},
  year = 	 {1992},
  volume =	 {1},
  number =	 {2}
}

@InBook{Wegner:1987,
  author = 	 {Peter Wegner},
  crossref =     {res},
  title = 	 {The Object-Oriented Classification Paradigm},
  pages =	 {479--560}
}

@Article{Wegner:1990,
  key =		 {Wegner},
  author = 	 {Wegner, Peter},
  title = 	 {{Concepts and Paradigms of Object-Oriented Programming}},
  journal = 	 {OOPS Messenger},
  year = 	 {1990},
  volume =	 {1},
  number =	 {1},
  month =	 {August},
  pages =	 {7 -- 87}
}

@TechReport{Wu:1992,
  key =		 {Wu},
  author = 	 {Wu, S. F. and S. Mazumdar and S. Brady and D. W. Levine},
  title = 	 {{On Implementing a Protocol Independent MIB}},
  institution =  {IBM T. J. Watson Research Center},
  year = 	 {1992},
  number =	 {RC 18248},
  address =	 {Yorktown Heights, NY},
  month =	 {August}
}

@Manual{X.734,
  title = 	 {ITU-T X.734: Data Communication
                  Networks. Information Technology -- Open Systems
                  Interconnection -- Systems Management: Event Report
                  Management Function},
  organization = {ITU-T},
  year =	 {1993},
  note =         {Recommendation X.734}
}

@Manual{X.750,
  title = 	 {X.750: Management Knowledge Management Function},
  key =		 {X750},
  organization = {ITU-T},
  year =	 {1993}
}

@Manual{XEMS:1996,
  title = 	 {{Systems Management: Event Management Service}},
  organization = {X/Open Company Ltd.},
  edition =	 {Draft V0.3},
  year =	 {1996},
  month =	 {June},
  note =	 {Preliminary Specification}
}

@Manual{XOM:1994,
  title = 	 {{OSI Abstract Data Manipulation API (XOM)}},
  key =		 {XOM},
  organization = {X/Open Company Ltd.},
  edition =	 {C315},
  year =	 {1994},
  month =	 {February}
}

@InProceedings{Yemini:1991,
  author = 	 {Yemini, Yechiam and German Goldszmidt and Shaula Yemini},
  title = 	 {{Network Management By Delegation}},
  crossref =	 {INM2},
  pages  =       {95--107}
}
		  
@Book{Zitterbart:1996,
  author = 	 {Zitterbart, M.},
  title = 	 {Kommunikation in Verteilten Systemen},
  publisher = 	 {Springer},
  year = 	 {1996}
}


@Manual{ansa,
  key = 	 {ANSA},
  title = 	 {The ANSAware 4.1 manual set},
  organization = {Architecture Project Management},
  address = 	 {Poseidon House, Castle Park. Cambridge},
  year = 	 {1993}
}
		  

@Manual{asn1,
  key = 	 {ASN},
  title = 	 {Specification of Abstract Syntax Notation One (ASN.1)},
  organization = {{ISO / IEC 8824}},
  year         = {1990},
  month        = {April}
}

@TechReport{ban96,
  key = 	 {Ban},
  author = 	 {Ban, Bela},
  title = 	 {{Towards an Object-Oriented Framework For
		  Multi-Domain Management}},
  institution =  {IBM Research Division},
  year = 	 {1996},
  number =	 {{RZ 2789 (\#89267)}},
  address =	 {IBM Zurich Research Laboratory, S\"aumerstr. 4, 8803
                  R\"uschlikon},
  month =	 {February}
}
		  
		  
@TechReport{ban96b,
  author = 	 {Ban, Bela},
  title = 	 {{Design of a CORBA-Based GOM Prototype}},
  institution =  {IBM Research Division},
  year = 	 {1996},
  address =	 {IBM Zurich Research Laboratory, S\"aumerstr. 4, 8803
                  R\"uschlikon},
  month =	 {June},
  type =         {Internal Paper}
}

@Book{black,
  key = 	 {Black},
  author = 	 {Black, Uyless},
  title = 	 {Network Management Standards. The OSI, SNMP and CMOL
		  Standards},
  publisher = 	 {Mc Graw-Hill},
  year = 	 {1992}
}

@Manual{cmip,
  key = 	 {CMIP},
  title = 	 {Common Management Information Protocol (CMIP)},
  organization = {International Standards Organization},
  note = 	 {{ISO / IEC 9596}}
}

@TechReport{cmipWorks:1994,
  author = 	 {Geiger, G. and A. Majtenyi and P. Reder},
  title = 	 {{IBM cmipWorks}},
  institution =  {IBM Corporation},
  year = 	 {1994},
  month =	 {March}
}

@InProceedings{ditt,
  author = 	 {Dittrich, Andreas and Michael H\"oft},
  title = 	 {{Integration of a TMN-based Management Platform into a
		  CORBA-based Environment}},
  booktitle = 	 {Proceedings of NOMS'96},
  year = 	 {1996}
}

@Manual{dsom,
  key = 	 {SOM},
  title = 	 {SOM Developer's Toolkit: An Introductory Guide To
		  The System Object Model And Its Accompanying Frameworks},
  organization = {IBM},
  year = 	 {1994}
}

@Proceedings{dsom:1994,
  key =		 {DSOM},
  title = 	 {Proceedings of the Fifth IFIP / IEEE International
		  Workshop on Distributed Systems: Operations and
		  Management (DSOM'94)},
  booktitle = 	 {Proceedings of the Fifth IFIP / IEEE International
		  Workshop on Distributed Systems: Operations and
		  Management (DSOM'94)},
  year = 	 {1994},
  publisher =	 {IFIP / IEEE},
  note =	 {Toulouse, France}
}

@Proceedings{dsom:1995,
  key =		 {DSOM},
  title = 	 {Proceedings of the Sixth IFIP / IEEE International
		  Workshop on Distributed Systems: Operations and
		  Management (DSOM'95)},
  booktitle = 	 {Proceedings of the Sixth IFIP / IEEE International
		  Workshop on Distributed Systems: Operations and
		  Management (DSOM'95)},
  year = 	 {1995},
  publisher =	 {IFIP / IEEE},
  note =	 {Ottawa, Canada}
}

@Proceedings{dsom:1996,
  key =		 {DSOM},
  title = 	 {Proceedings of the Seventh IFIP / IEEE International
		  Workshop on Distributed Systems: Operations and
		  Management (DSOM'96)},
  booktitle = 	 {Proceedings of the Seventh IFIP / IEEE International
		  Workshop on Distributed Systems: Operations and
		  Management (DSOM'96)},
  year = 	 {1996},
  publisher =	 {IFIP / IEEE},
  note =	 {L'Aquila, Italy}
}

@Manual{gdmo,
  key = 	 {GDMO},
  title = 	 {Guidelines for the Definition of Managed Objects},
  organization = {ISO / IEC 10165-4},
  year = 	 {1992}
}

@InProceedings{genilloud:1996,
  author = 	 {Genilloud, Guy},
  title = 	 {{An Analysis of the OSI Systems Management
		  Architecture from an ODP Perspective}},
  crossref =	 {sysman:1996},
  pages =	 {72--81}
}

@Unpublished{haertig,
  author = 	 {Haertig, Martin},
  title = 	 {Objektorientierte Integration von autonomen
		  Datenhaltungssystemen},
  note = 	 {Thesis abstract},
  year =	 {1994}
}

@InBook{herbert:1991,
  author = 	 {Herbert, Andrew J.},
  crossref  = {mullender},
  title = 	 {The Computational Projection of ANSA},
  chapter = 	 {19},
  pages =	 {417--437}
}

@InBook{herbert:1991b,
  author = 	 {Herbert, Andrew J.},
  crossref = {mullender},
  title = 	 {The Advanced Networked Systems Architecture},
  chapter = 	 {18},
  pages =	 {401--415}
}

@InBook{herbert:1991c,
  author = 	 {Herbert, Andrew J.},
  crossref = {mullender},
  title = 	 {The ANSA Project and Standards},
  chapter = 	 {17},
  pages =	 {391--399}
}

@InBook{herbert:1992,
  author = 	 {Andrew Herbert},
  crossref =     {odpbook},
  title = 	 {The Challenge of ODP},
  pages =	 {15--27}
}

@InProceedings{kong,
  author = 	 {Kong, Quinzheng and Graham Chen},
  title = 	 {{Integrating CORBA and TMN Environments}},
  booktitle = 	 {Proceedings of NOMS96},
  year = 	 {1996},
  address = 	 {CiTR Pty Ltd.\\Queensland, Australia}
}

@InBook{linington,
  author = 	 {Linington, Peter F.},
  title = 	 {Introduction to the Open Distributed Processing
		  Basic Reference Model},
  crossref  =    {odpbook},
  pages     =    {3--13}
}


@Article{MAFFEIS-IEEECOMM,
  author =       "Silvano Maffeis and Douglas C. Schmidt",
  title =        "{Constructing Reliable Distributed Communication
                  Systems with CORBA}",
  journal =      "{IEEE Communications Magazine}",
  year =         1997,
  month =        Feb,
}


@PhdThesis{maffeis,
  author = 	 {Maffeis, Silvano},
  title = 	 {Run-Time Support for Object-Oriented Distributed Programming},
  school = 	 {Institute of Computer Science},
  year = 	 {1995},
  address =	 {University of Zurich}
}

@Unpublished{mir:1996,
  author = 	 {Hierro, Juan},
  title = 	 {Management Information Repository},
  note = 	 {{Submitted by Telefonica I\&D to the NMF -- X/Open
		  Joint Inter-Domain Management Taskforce as proposal
		  for Interaction Translation}},
  year = 	 {1996},
  month = 	 {March}
}

@Book{mowbray,
  author = 	 {Mowbray, Thomas J. and Ron Zahavi},
  title = 	 {The Essential Corba. Systems Integration Using
		  Distributed Objects},
  publisher = 	 {{John Wiley \& Sons}},
  year = 	 {1995}
}

@Book{mullender,
  editor = 	 {Mullender, Sape},
  title = 	 {Distributed Systems},
  publisher = 	 {ACM Press},
  year = 	 {1991}
}

@Manual{odp,
  key = 	 {ODP},
  title = 	 {{ITU-T X.901 | ISO/IEC 10746-1: ODP Reference Model
		  Part1: Overview}},
  organization = {{ITU-T | ISO/IEC}},
  edition = 	 {Draft International Standard},
  year = 	 {1995},
  month = 	 {May}
}

@Book{odpbook,
  title = 	 {Open Distributed Processing},
  publisher = 	 {Elsevier Science Publishers (North-Holland)},
  year = 	 {1992},
  editor =	 {{De Meer, J.} and V. Heymer and R. Roth},
  series =	 {IFIP Transactions C-1}
}

@Manual{osi,
  key = 	 {OSI},
  title = 	 {Open Systems Interconnection},
  organization = {{ITU-T | ISO/IEC}}
}



@InProceedings{park,
  author = 	 {Park, Jong-Tae and Su-Ho Ha and James W. Hong and
		  Joong-Goo Song},
  title = 	 {{Design and Implementation of a CORBA-based TMN SMK System}},
  booktitle = 	 {Proceedings of NOMS96},
  year = 	 {1996}
}

@Book{res,
  title = 	 {Research Directions in Object-Oriented Programming},
  publisher = 	 {The MIT Press},
  year = 	 {1987},
  editor =	 {Bruce Shriver and Peter Wegner},
  series =	 {Computer Systems Series}
}

@Unpublished{resnick1,
  author = 	 {Resnick, Ron I.},
  title = 	 {CORBA Async Requirements},
  note = 	 {Posting to {\tt comp.objects.corba}},
  year =	 {1996},
  month =	 {June}
}

@Unpublished{resnick2,
  author = 	 {Resnick, Ron I.},
  title = 	 {Bringing Distributed Objects to the World Wide Web},
  note = 	 {Posting to {\tt comp.objects.corba}\\
		  http://www.interlog.com/~resnick/ron.html},
  year =	 {1996},
  month =	 {June}
}

@Manual{ibus:1998,
  title = 	 {iBus - The Java Multicast Object Bus},
  key =		 {ibus},
  OPTauthor =	 {},
  organization = {Softwired Inc.},
  OPTaddress = 	 {},
  OPTedition = 	 {},
  OPTmonth = 	 {},
  year =	 {1998},
  note =         {\newline http://www.softwired-inc.com/ibus}
}

@Manual{Cactus:1998,
  title = 	 {CACTUS: An Integrated Framework for Dynamic Fine-Grain QoS },
  key =		 {Cactus},
  OPTauthor = 	 {},
  organization = {Dept. of Computer Science, University of Arizona},
  OPTaddress = 	 {},
  OPTedition = 	 {},
  OPTmonth = 	 {},
  year =	 {1998},
  note =	 {\newline http://www.cs.arizona.edu/cactus/overview.html}
}

@Manual{Coyote:1997,
  title =        {Coyote: An Approach to Constructing Configurable Fault-Tolerant
                  Distributed Services},
  key =		 {Coyote},
  organization = {Dept. of Computer Science, University of Arizona},
  year =         {1997},
  note =	 {\newline http://www.cs.arizona.edu/coyote/overview.html}
}

@Unpublished{resnick3,
  author = 	 {Resnick, Ron I.},
  title = 	 {Distributed Objects on the World Wide Web Revisited},
  note = 	 {Posting to {\tt comp.objects.corba}},
  year =	 {1996},
  month =	 {June}
}



@Misc{snmp,
  key = 	 {SNMP},
  author = 	 {Case, J. and M. Fedor and M. Schoffstall and C. Davin},
  title = 	 {{The Simple Network Management Protocol}},
  howpublished = {RFC 1157},
  year = 	 {1990},
  month = 	 {May}
}

@Misc{snmpv2,
  key = 	 {SNMPV2},
  author = 	 {J. Case and K. McCloghrie and M. Rose and S. Waldbusser},
  title = 	 {{Structure of Management Information for Version 2
                  of the Simple Network Management Protocol
                  (SNMPv2)}},
  howpublished = {RFC 1902},
  year = 	 {1996},
  month = 	 {January}
}

@Proceedings{sysman:1996,
  title = 	 {IEEE Second International Workshop On Systems Management},
  booktitle = 	 {IEEE Second International Workshop On Systems Management},
  year = 	 {1996},
  publisher =	 {IEEE Computer Society},
  month =	 {June},
  note =	 {Toronto, Ontario, Canada}
}

@Book{tanenbaum,
  key = 	 {Tan},
  author = 	 {Tanenbaum, Andrew S.},
  title = 	 {Modern Operating Systems},
  publisher = 	 {Prentice-Hall},
  year = 	 {1992}
}

@Book{Tanenbaum:1989,
  author = 	 {Tanenbaum, Andrew S.},
  title = 	 {Computer Networks},
  publisher = 	 {Prentice-Hall},
  year = 	 {1989},
  edition =	 {Second}
}



@Manual{tina,
  key = 	 {TINA},
  title = 	 {Overall Concepts And Principles Of TINA},
  organization = {Telecommunications Information Networking
		  Architecture Consortium},
  edition = 	 {1.0},
  year = 	 {1995},
  month = 	 {Feb}
}

		  
@MastersThesis{weibel,
  author = 	 {Weibel, Peter L.},
  title = 	 {En generischer CORBA-IDL Compiler},
  school = 	 {University of Zurich},
  year = 	 {1994},
  address =	 {Institut f. Informatik\\Universit\"at Z\"urich},
  note =	 {Thesis number: 89-704-449}
}

		  
@Manual{x700,
  title = 	 {ITU-T X.700 | ISO/IEC 7498-4: Management Framework
		  For Open Systems Interconnection},
  organization = {ITU-T | ISO/IEC},
  year =	 {1992},
  month =	 {September}
}



@Manual{x701,
  title = 	 {ITU-T X.701 | ISO/IEC 10040: Information Technology
		  - Open Systems Interconnection - Systems Management Overview},
  organization = {ITU-T | ISO/IEC},
  year =	 {1992}
}

@Manual{x720,
  title = 	 {ITU-T X.720 | ISO/IEC 10165-1: Information Technology - Open
		  Systems Interconnection - Structure Of Management
		  Information: Management Information Model},
  organization = {ITU-T | ISO/IEC},
  year =	 {1992},
  month =	 {January}
}

@Manual{x903,
  key = 	 {ODP},
  title = 	 {ITU-T X.903 | ISO/IEC 10746-3: ODP Reference Model
		  Part 3: Architecture},
  organization = {ITU-T | ISO/IEC}
}

@Article{yang,
  author = 	 {Yang Zhonghua and Keith Duddy},
  title = 	 {{CORBA: A Platform for Distributed Object Computing}},
  journal = 	 {Special Interest Group on Operating Systems
		  (SIGOPS)\\ACM Press},
  year = 	 {1996},
  volume =	 {30},
  number =	 {2},
  month =	 {April},
  pages =	 {4--31}
}

